%YAML 1.1
%TAG !u! tag:unity3d.com,2011:
--- !u!29 &1
OcclusionCullingSettings:
  m_ObjectHideFlags: 0
  serializedVersion: 2
  m_OcclusionBakeSettings:
    smallestOccluder: 5
    smallestHole: 0.25
    backfaceThreshold: 100
  m_SceneGUID: 00000000000000000000000000000000
  m_OcclusionCullingData: {fileID: 0}
--- !u!104 &2
RenderSettings:
  m_ObjectHideFlags: 0
  serializedVersion: 8
  m_Fog: 0
  m_FogColor: {r: 0.5, g: 0.5, b: 0.5, a: 1}
  m_FogMode: 3
  m_FogDensity: 0.01
  m_LinearFogStart: 0
  m_LinearFogEnd: 300
  m_AmbientSkyColor: {r: 0.212, g: 0.227, b: 0.259, a: 1}
  m_AmbientEquatorColor: {r: 0.114, g: 0.125, b: 0.133, a: 1}
  m_AmbientGroundColor: {r: 0.047, g: 0.043, b: 0.035, a: 1}
  m_AmbientIntensity: 1
  m_AmbientMode: 0
  m_SubtractiveShadowColor: {r: 0.42, g: 0.478, b: 0.627, a: 1}
  m_SkyboxMaterial: {fileID: 10304, guid: 0000000000000000f000000000000000, type: 0}
  m_HaloStrength: 0.5
  m_FlareStrength: 1
  m_FlareFadeSpeed: 3
  m_HaloTexture: {fileID: 0}
  m_SpotCookie: {fileID: 10001, guid: 0000000000000000e000000000000000, type: 0}
  m_DefaultReflectionMode: 0
  m_DefaultReflectionResolution: 128
  m_ReflectionBounces: 1
  m_ReflectionIntensity: 1
  m_CustomReflection: {fileID: 0}
  m_Sun: {fileID: 0}
  m_IndirectSpecularColor: {r: 0, g: 0, b: 0, a: 1}
--- !u!157 &3
LightmapSettings:
  m_ObjectHideFlags: 0
  serializedVersion: 9
  m_GIWorkflowMode: 0
  m_GISettings:
    serializedVersion: 2
    m_BounceScale: 1
    m_IndirectOutputScale: 1
    m_AlbedoBoost: 1
    m_TemporalCoherenceThreshold: 1
    m_EnvironmentLightingMode: 0
    m_EnableBakedLightmaps: 1
    m_EnableRealtimeLightmaps: 1
  m_LightmapEditorSettings:
    serializedVersion: 8
    m_Resolution: 2
    m_BakeResolution: 40
    m_TextureWidth: 1024
    m_TextureHeight: 1024
    m_AO: 0
    m_AOMaxDistance: 1
    m_CompAOExponent: 1
    m_CompAOExponentDirect: 0
    m_Padding: 2
    m_LightmapParameters: {fileID: 0}
    m_LightmapsBakeMode: 1
    m_TextureCompression: 1
    m_FinalGather: 0
    m_FinalGatherFiltering: 1
    m_FinalGatherRayCount: 256
    m_ReflectionCompression: 2
    m_MixedBakeMode: 3
    m_BakeBackend: 0
    m_PVRSampling: 1
    m_PVRDirectSampleCount: 32
    m_PVRSampleCount: 500
    m_PVRBounces: 2
    m_PVRFiltering: 0
    m_PVRFilteringMode: 1
    m_PVRCulling: 1
    m_PVRFilteringGaussRadiusDirect: 1
    m_PVRFilteringGaussRadiusIndirect: 5
    m_PVRFilteringGaussRadiusAO: 2
    m_PVRFilteringAtrousColorSigma: 1
    m_PVRFilteringAtrousNormalSigma: 1
    m_PVRFilteringAtrousPositionSigma: 1
  m_LightingDataAsset: {fileID: 0}
  m_ShadowMaskMode: 2
--- !u!196 &4
NavMeshSettings:
  serializedVersion: 2
  m_ObjectHideFlags: 0
  m_BuildSettings:
    serializedVersion: 2
    agentTypeID: 0
    agentRadius: 0.5
    agentHeight: 2
    agentSlope: 45
    agentClimb: 0.5
    ledgeDropHeight: 0
    maxJumpAcrossDistance: 0
    minRegionArea: 2
    manualCellSize: 0
    cellSize: 0.16666667
    manualTileSize: 0
    tileSize: 256
    accuratePlacement: 0
  m_NavMeshData: {fileID: 23800000, guid: 387984f198c41384eb26b813b4ef6d8c, type: 2}
--- !u!1001 &16536725
Prefab:
  m_ObjectHideFlags: 0
  serializedVersion: 2
  m_Modification:
    m_TransformParent: {fileID: 0}
    m_Modifications:
    - target: {fileID: 4110418438414096, guid: 2c7c4d0fd431da44387c037594472773, type: 2}
      propertyPath: m_LocalPosition.x
      value: 65.84
      objectReference: {fileID: 0}
    - target: {fileID: 4110418438414096, guid: 2c7c4d0fd431da44387c037594472773, type: 2}
      propertyPath: m_LocalPosition.y
      value: 3.86
      objectReference: {fileID: 0}
    - target: {fileID: 4110418438414096, guid: 2c7c4d0fd431da44387c037594472773, type: 2}
      propertyPath: m_LocalPosition.z
      value: 17.16
      objectReference: {fileID: 0}
    - target: {fileID: 4110418438414096, guid: 2c7c4d0fd431da44387c037594472773, type: 2}
      propertyPath: m_LocalRotation.x
      value: 0
      objectReference: {fileID: 0}
    - target: {fileID: 4110418438414096, guid: 2c7c4d0fd431da44387c037594472773, type: 2}
      propertyPath: m_LocalRotation.y
      value: 0
      objectReference: {fileID: 0}
    - target: {fileID: 4110418438414096, guid: 2c7c4d0fd431da44387c037594472773, type: 2}
      propertyPath: m_LocalRotation.z
      value: 0
      objectReference: {fileID: 0}
    - target: {fileID: 4110418438414096, guid: 2c7c4d0fd431da44387c037594472773, type: 2}
      propertyPath: m_LocalRotation.w
      value: 1
      objectReference: {fileID: 0}
    - target: {fileID: 4110418438414096, guid: 2c7c4d0fd431da44387c037594472773, type: 2}
      propertyPath: m_RootOrder
      value: 9
      objectReference: {fileID: 0}
    - target: {fileID: 1197021532527316, guid: 2c7c4d0fd431da44387c037594472773, type: 2}
      propertyPath: m_Name
      value: wp5
      objectReference: {fileID: 0}
    - target: {fileID: 1197021532527316, guid: 2c7c4d0fd431da44387c037594472773, type: 2}
      propertyPath: m_TagString
      value: Waypoint
      objectReference: {fileID: 0}
    m_RemovedComponents: []
  m_ParentPrefab: {fileID: 100100000, guid: 2c7c4d0fd431da44387c037594472773, type: 2}
  m_RootGameObject: {fileID: 1238675435}
  m_IsPrefabParent: 0
--- !u!1001 &107143291
Prefab:
  m_ObjectHideFlags: 0
  serializedVersion: 2
  m_Modification:
    m_TransformParent: {fileID: 0}
    m_Modifications:
    - target: {fileID: 4110418438414096, guid: 2c7c4d0fd431da44387c037594472773, type: 2}
      propertyPath: m_LocalPosition.x
      value: 18.51
      objectReference: {fileID: 0}
    - target: {fileID: 4110418438414096, guid: 2c7c4d0fd431da44387c037594472773, type: 2}
      propertyPath: m_LocalPosition.y
      value: 0
      objectReference: {fileID: 0}
    - target: {fileID: 4110418438414096, guid: 2c7c4d0fd431da44387c037594472773, type: 2}
      propertyPath: m_LocalPosition.z
      value: 69.9
      objectReference: {fileID: 0}
    - target: {fileID: 4110418438414096, guid: 2c7c4d0fd431da44387c037594472773, type: 2}
      propertyPath: m_LocalRotation.x
      value: 0
      objectReference: {fileID: 0}
    - target: {fileID: 4110418438414096, guid: 2c7c4d0fd431da44387c037594472773, type: 2}
      propertyPath: m_LocalRotation.y
      value: 0
      objectReference: {fileID: 0}
    - target: {fileID: 4110418438414096, guid: 2c7c4d0fd431da44387c037594472773, type: 2}
      propertyPath: m_LocalRotation.z
      value: 0
      objectReference: {fileID: 0}
    - target: {fileID: 4110418438414096, guid: 2c7c4d0fd431da44387c037594472773, type: 2}
      propertyPath: m_LocalRotation.w
      value: 1
      objectReference: {fileID: 0}
    - target: {fileID: 4110418438414096, guid: 2c7c4d0fd431da44387c037594472773, type: 2}
      propertyPath: m_RootOrder
      value: 1
      objectReference: {fileID: 0}
    - target: {fileID: 1197021532527316, guid: 2c7c4d0fd431da44387c037594472773, type: 2}
      propertyPath: m_Name
      value: wp1
      objectReference: {fileID: 0}
    - target: {fileID: 1197021532527316, guid: 2c7c4d0fd431da44387c037594472773, type: 2}
      propertyPath: m_TagString
      value: Waypoint
      objectReference: {fileID: 0}
    m_RemovedComponents: []
  m_ParentPrefab: {fileID: 100100000, guid: 2c7c4d0fd431da44387c037594472773, type: 2}
  m_RootGameObject: {fileID: 784981765}
  m_IsPrefabParent: 0
--- !u!4 &252547622
Transform:
  m_ObjectHideFlags: 0
  m_PrefabParentObject: {fileID: 4748292026832620, guid: e380533dbd4423f43bafdc3b9d30785d,
    type: 2}
  m_PrefabInternal: {fileID: 907280902}
  m_GameObject: {fileID: 537355514}
  m_LocalRotation: {x: -0, y: 0.25358328, z: -0, w: -0.9673136}
  m_LocalPosition: {x: 6.67, y: 0.68, z: 94.4}
  m_LocalScale: {x: 1, y: 1, z: 1}
  m_Children: []
  m_Father: {fileID: 0}
  m_RootOrder: 2
  m_LocalEulerAnglesHint: {x: 0, y: 330.621, z: 0}
--- !u!1 &262863711
GameObject:
  m_ObjectHideFlags: 0
  m_PrefabParentObject: {fileID: 0}
  m_PrefabInternal: {fileID: 0}
  serializedVersion: 5
  m_Component:
  - component: {fileID: 262863714}
  - component: {fileID: 262863713}
  - component: {fileID: 262863712}
  m_Layer: 0
  m_Name: Terrain
  m_TagString: Untagged
  m_Icon: {fileID: 0}
  m_NavMeshLayer: 0
  m_StaticEditorFlags: 4294967295
  m_IsActive: 1
--- !u!154 &262863712
TerrainCollider:
  m_ObjectHideFlags: 0
  m_PrefabParentObject: {fileID: 0}
  m_PrefabInternal: {fileID: 0}
  m_GameObject: {fileID: 262863711}
  m_Material: {fileID: 0}
  m_Enabled: 1
  m_TerrainData: {fileID: 15600000, guid: 43e31cadaec2a6a498dbc5874d4c33bd, type: 2}
  m_EnableTreeColliders: 1
--- !u!218 &262863713
Terrain:
  m_ObjectHideFlags: 0
  m_PrefabParentObject: {fileID: 0}
  m_PrefabInternal: {fileID: 0}
  m_GameObject: {fileID: 262863711}
  m_Enabled: 1
  serializedVersion: 3
  m_TerrainData: {fileID: 15600000, guid: 43e31cadaec2a6a498dbc5874d4c33bd, type: 2}
  m_TreeDistance: 2000
  m_TreeBillboardDistance: 50
  m_TreeCrossFadeLength: 5
  m_TreeMaximumFullLODCount: 50
  m_DetailObjectDistance: 80
  m_DetailObjectDensity: 1
  m_HeightmapPixelError: 5
  m_SplatMapDistance: 1000
  m_HeightmapMaximumLOD: 0
  m_CastShadows: 1
  m_DrawHeightmap: 1
  m_DrawTreesAndFoliage: 1
  m_ReflectionProbeUsage: 1
  m_MaterialType: 0
  m_LegacySpecular:
    serializedVersion: 2
    rgba: 4286545791
  m_LegacyShininess: 0.078125
  m_MaterialTemplate: {fileID: 0}
  m_BakeLightProbesForTrees: 1
  m_ScaleInLightmap: 0.0512
  m_LightmapParameters: {fileID: 15203, guid: 0000000000000000f000000000000000, type: 0}
--- !u!4 &262863714
Transform:
  m_ObjectHideFlags: 0
  m_PrefabParentObject: {fileID: 0}
  m_PrefabInternal: {fileID: 0}
  m_GameObject: {fileID: 262863711}
  m_LocalRotation: {x: 0, y: 0, z: 0, w: 1}
  m_LocalPosition: {x: 0, y: 0, z: 0}
  m_LocalScale: {x: 1, y: 1, z: 1}
  m_Children: []
  m_Father: {fileID: 0}
  m_RootOrder: 4
  m_LocalEulerAnglesHint: {x: 0, y: 0, z: 0}
--- !u!1 &377729135
GameObject:
  m_ObjectHideFlags: 0
  m_PrefabParentObject: {fileID: 0}
  m_PrefabInternal: {fileID: 0}
  serializedVersion: 5
  m_Component:
  - component: {fileID: 377729139}
  - component: {fileID: 377729138}
  - component: {fileID: 377729137}
  - component: {fileID: 377729136}
  m_Layer: 0
  m_Name: Cube
  m_TagString: Untagged
  m_Icon: {fileID: 0}
  m_NavMeshLayer: 0
  m_StaticEditorFlags: 0
  m_IsActive: 1
--- !u!23 &377729136
MeshRenderer:
  m_ObjectHideFlags: 0
  m_PrefabParentObject: {fileID: 0}
  m_PrefabInternal: {fileID: 0}
  m_GameObject: {fileID: 377729135}
  m_Enabled: 1
  m_CastShadows: 1
  m_ReceiveShadows: 1
  m_MotionVectors: 1
  m_LightProbeUsage: 1
  m_ReflectionProbeUsage: 1
  m_Materials:
  - {fileID: 10303, guid: 0000000000000000f000000000000000, type: 0}
  m_StaticBatchInfo:
    firstSubMesh: 0
    subMeshCount: 0
  m_StaticBatchRoot: {fileID: 0}
  m_ProbeAnchor: {fileID: 0}
  m_LightProbeVolumeOverride: {fileID: 0}
  m_ScaleInLightmap: 1
  m_PreserveUVs: 1
  m_IgnoreNormalsForChartDetection: 0
  m_ImportantGI: 0
  m_SelectedEditorRenderState: 3
  m_MinimumChartSize: 4
  m_AutoUVMaxDistance: 0.5
  m_AutoUVMaxAngle: 89
  m_LightmapParameters: {fileID: 0}
  m_SortingLayerID: 0
  m_SortingLayer: 0
  m_SortingOrder: 0
--- !u!65 &377729137
BoxCollider:
  m_ObjectHideFlags: 0
  m_PrefabParentObject: {fileID: 0}
  m_PrefabInternal: {fileID: 0}
  m_GameObject: {fileID: 377729135}
  m_Material: {fileID: 0}
  m_IsTrigger: 0
  m_Enabled: 1
  serializedVersion: 2
  m_Size: {x: 1, y: 1, z: 1}
  m_Center: {x: 0, y: 0, z: 0}
--- !u!33 &377729138
MeshFilter:
  m_ObjectHideFlags: 0
  m_PrefabParentObject: {fileID: 0}
  m_PrefabInternal: {fileID: 0}
  m_GameObject: {fileID: 377729135}
  m_Mesh: {fileID: 10202, guid: 0000000000000000e000000000000000, type: 0}
--- !u!4 &377729139
Transform:
  m_ObjectHideFlags: 0
  m_PrefabParentObject: {fileID: 0}
  m_PrefabInternal: {fileID: 0}
  m_GameObject: {fileID: 377729135}
  m_LocalRotation: {x: -0, y: -0, z: -0, w: 1}
  m_LocalPosition: {x: 30.66, y: 12.3, z: 50.28}
  m_LocalScale: {x: 6.282763, y: 6.282763, z: 6.282763}
  m_Children: []
  m_Father: {fileID: 0}
  m_RootOrder: 5
  m_LocalEulerAnglesHint: {x: 0, y: 0, z: 0}
--- !u!1001 &506653275
Prefab:
  m_ObjectHideFlags: 0
  serializedVersion: 2
  m_Modification:
    m_TransformParent: {fileID: 0}
    m_Modifications:
    - target: {fileID: 4110418438414096, guid: 2c7c4d0fd431da44387c037594472773, type: 2}
      propertyPath: m_LocalPosition.x
      value: 44.21
      objectReference: {fileID: 0}
    - target: {fileID: 4110418438414096, guid: 2c7c4d0fd431da44387c037594472773, type: 2}
      propertyPath: m_LocalPosition.y
      value: 0
      objectReference: {fileID: 0}
    - target: {fileID: 4110418438414096, guid: 2c7c4d0fd431da44387c037594472773, type: 2}
      propertyPath: m_LocalPosition.z
      value: 42.79
      objectReference: {fileID: 0}
    - target: {fileID: 4110418438414096, guid: 2c7c4d0fd431da44387c037594472773, type: 2}
      propertyPath: m_LocalRotation.x
      value: 0
      objectReference: {fileID: 0}
    - target: {fileID: 4110418438414096, guid: 2c7c4d0fd431da44387c037594472773, type: 2}
      propertyPath: m_LocalRotation.y
      value: 0
      objectReference: {fileID: 0}
    - target: {fileID: 4110418438414096, guid: 2c7c4d0fd431da44387c037594472773, type: 2}
      propertyPath: m_LocalRotation.z
      value: 0
      objectReference: {fileID: 0}
    - target: {fileID: 4110418438414096, guid: 2c7c4d0fd431da44387c037594472773, type: 2}
      propertyPath: m_LocalRotation.w
      value: 1
      objectReference: {fileID: 0}
    - target: {fileID: 4110418438414096, guid: 2c7c4d0fd431da44387c037594472773, type: 2}
      propertyPath: m_RootOrder
      value: 7
      objectReference: {fileID: 0}
    - target: {fileID: 1197021532527316, guid: 2c7c4d0fd431da44387c037594472773, type: 2}
      propertyPath: m_Name
      value: wp3
      objectReference: {fileID: 0}
    - target: {fileID: 1197021532527316, guid: 2c7c4d0fd431da44387c037594472773, type: 2}
      propertyPath: m_TagString
      value: Waypoint
      objectReference: {fileID: 0}
    m_RemovedComponents: []
  m_ParentPrefab: {fileID: 100100000, guid: 2c7c4d0fd431da44387c037594472773, type: 2}
  m_RootGameObject: {fileID: 1169148813}
  m_IsPrefabParent: 0
--- !u!1 &537355514
GameObject:
  m_ObjectHideFlags: 0
  m_PrefabParentObject: {fileID: 1327832237501702, guid: e380533dbd4423f43bafdc3b9d30785d,
    type: 2}
  m_PrefabInternal: {fileID: 907280902}
  serializedVersion: 5
  m_Component:
  - component: {fileID: 252547622}
  - component: {fileID: 537355515}
  m_Layer: 0
  m_Name: Spawn Point
  m_TagString: Respawn
  m_Icon: {fileID: -964228994112308473, guid: 0000000000000000d000000000000000, type: 0}
  m_NavMeshLayer: 0
  m_StaticEditorFlags: 0
  m_IsActive: 1
--- !u!114 &537355515
MonoBehaviour:
  m_ObjectHideFlags: 0
  m_PrefabParentObject: {fileID: 114240519522542778, guid: e380533dbd4423f43bafdc3b9d30785d,
    type: 2}
  m_PrefabInternal: {fileID: 907280902}
  m_GameObject: {fileID: 537355514}
  m_Enabled: 1
  m_EditorHideFlags: 0
  m_Script: {fileID: 11500000, guid: bdfc70ff343982a4a9877330ba35855b, type: 3}
  m_Name: 
  m_EditorClassIdentifier: 
  max: 3
  spawnDelay: 2
  SpawnPoint: {fileID: 0}
  factory:
  - prefab: {fileID: 4723192345701090, guid: 66402e50d7c6dbf41a69cf1e532082fc, type: 2}
    chance: 0.66
  - prefab: {fileID: 4235966584592484, guid: a316e62fd93e2df4fbef613f5f09b446, type: 2}
    chance: 0.825
  - prefab: {fileID: 4410727831744704, guid: 9267ba0bbf347a948b5bcb637244d81c, type: 2}
    chance: 0.362
--- !u!1 &618744048
GameObject:
  m_ObjectHideFlags: 0
  m_PrefabParentObject: {fileID: 0}
  m_PrefabInternal: {fileID: 0}
  serializedVersion: 5
  m_Component:
  - component: {fileID: 618744050}
  - component: {fileID: 618744049}
  m_Layer: 0
  m_Name: Directional Light
  m_TagString: Untagged
  m_Icon: {fileID: 0}
  m_NavMeshLayer: 0
  m_StaticEditorFlags: 0
  m_IsActive: 1
--- !u!108 &618744049
Light:
  m_ObjectHideFlags: 0
  m_PrefabParentObject: {fileID: 0}
  m_PrefabInternal: {fileID: 0}
  m_GameObject: {fileID: 618744048}
  m_Enabled: 1
  serializedVersion: 8
  m_Type: 1
  m_Color: {r: 1, g: 0.95686275, b: 0.8392157, a: 1}
  m_Intensity: 1
  m_Range: 10
  m_SpotAngle: 30
  m_CookieSize: 10
  m_Shadows:
    m_Type: 2
    m_Resolution: 1
    m_CustomResolution: -1
    m_Strength: 0.867
    m_Bias: 0.05
    m_NormalBias: 0.4
    m_NearPlane: 0.2
  m_Cookie: {fileID: 0}
  m_DrawHalo: 0
  m_Flare: {fileID: 0}
  m_RenderMode: 0
  m_CullingMask:
    serializedVersion: 2
    m_Bits: 4294967295
  m_Lightmapping: 1
  m_AreaSize: {x: 1, y: 1}
  m_BounceIntensity: 1
  m_ColorTemperature: 6570
  m_UseColorTemperature: 0
  m_ShadowRadius: 0
  m_ShadowAngle: 0
--- !u!4 &618744050
Transform:
  m_ObjectHideFlags: 0
  m_PrefabParentObject: {fileID: 0}
  m_PrefabInternal: {fileID: 0}
  m_GameObject: {fileID: 618744048}
  m_LocalRotation: {x: 0.40821788, y: -0.23456968, z: 0.10938163, w: 0.8754261}
  m_LocalPosition: {x: 0, y: 36.85, z: 0}
  m_LocalScale: {x: 1, y: 1, z: 1}
  m_Children: []
  m_Father: {fileID: 0}
  m_RootOrder: 3
  m_LocalEulerAnglesHint: {x: 50, y: -30, z: 0}
--- !u!1001 &640039198
Prefab:
  m_ObjectHideFlags: 0
  serializedVersion: 2
  m_Modification:
    m_TransformParent: {fileID: 0}
    m_Modifications:
    - target: {fileID: 4110418438414096, guid: 2c7c4d0fd431da44387c037594472773, type: 2}
      propertyPath: m_LocalPosition.x
      value: 60.81
      objectReference: {fileID: 0}
    - target: {fileID: 4110418438414096, guid: 2c7c4d0fd431da44387c037594472773, type: 2}
      propertyPath: m_LocalPosition.y
      value: 0
      objectReference: {fileID: 0}
    - target: {fileID: 4110418438414096, guid: 2c7c4d0fd431da44387c037594472773, type: 2}
      propertyPath: m_LocalPosition.z
      value: 36.84
      objectReference: {fileID: 0}
    - target: {fileID: 4110418438414096, guid: 2c7c4d0fd431da44387c037594472773, type: 2}
      propertyPath: m_LocalRotation.x
      value: 0
      objectReference: {fileID: 0}
    - target: {fileID: 4110418438414096, guid: 2c7c4d0fd431da44387c037594472773, type: 2}
      propertyPath: m_LocalRotation.y
      value: 0
      objectReference: {fileID: 0}
    - target: {fileID: 4110418438414096, guid: 2c7c4d0fd431da44387c037594472773, type: 2}
      propertyPath: m_LocalRotation.z
      value: 0
      objectReference: {fileID: 0}
    - target: {fileID: 4110418438414096, guid: 2c7c4d0fd431da44387c037594472773, type: 2}
      propertyPath: m_LocalRotation.w
      value: 1
      objectReference: {fileID: 0}
    - target: {fileID: 4110418438414096, guid: 2c7c4d0fd431da44387c037594472773, type: 2}
      propertyPath: m_RootOrder
      value: 8
      objectReference: {fileID: 0}
    - target: {fileID: 1197021532527316, guid: 2c7c4d0fd431da44387c037594472773, type: 2}
      propertyPath: m_Name
      value: wp4
      objectReference: {fileID: 0}
    - target: {fileID: 1197021532527316, guid: 2c7c4d0fd431da44387c037594472773, type: 2}
      propertyPath: m_TagString
      value: Waypoint
      objectReference: {fileID: 0}
    m_RemovedComponents: []
  m_ParentPrefab: {fileID: 100100000, guid: 2c7c4d0fd431da44387c037594472773, type: 2}
  m_RootGameObject: {fileID: 1086190776}
  m_IsPrefabParent: 0
--- !u!1001 &749848273
Prefab:
  m_ObjectHideFlags: 0
  serializedVersion: 2
  m_Modification:
    m_TransformParent: {fileID: 0}
    m_Modifications:
    - target: {fileID: 4110418438414096, guid: 2c7c4d0fd431da44387c037594472773, type: 2}
      propertyPath: m_LocalPosition.x
      value: 82.4
      objectReference: {fileID: 0}
    - target: {fileID: 4110418438414096, guid: 2c7c4d0fd431da44387c037594472773, type: 2}
      propertyPath: m_LocalPosition.y
      value: 3.86
      objectReference: {fileID: 0}
    - target: {fileID: 4110418438414096, guid: 2c7c4d0fd431da44387c037594472773, type: 2}
      propertyPath: m_LocalPosition.z
      value: 6.28
      objectReference: {fileID: 0}
    - target: {fileID: 4110418438414096, guid: 2c7c4d0fd431da44387c037594472773, type: 2}
      propertyPath: m_LocalRotation.x
      value: 0
      objectReference: {fileID: 0}
    - target: {fileID: 4110418438414096, guid: 2c7c4d0fd431da44387c037594472773, type: 2}
      propertyPath: m_LocalRotation.y
      value: 0
      objectReference: {fileID: 0}
    - target: {fileID: 4110418438414096, guid: 2c7c4d0fd431da44387c037594472773, type: 2}
      propertyPath: m_LocalRotation.z
      value: 0
      objectReference: {fileID: 0}
    - target: {fileID: 4110418438414096, guid: 2c7c4d0fd431da44387c037594472773, type: 2}
      propertyPath: m_LocalRotation.w
      value: 1
      objectReference: {fileID: 0}
    - target: {fileID: 4110418438414096, guid: 2c7c4d0fd431da44387c037594472773, type: 2}
      propertyPath: m_RootOrder
      value: 10
      objectReference: {fileID: 0}
    - target: {fileID: 1197021532527316, guid: 2c7c4d0fd431da44387c037594472773, type: 2}
      propertyPath: m_Name
      value: wp6
      objectReference: {fileID: 0}
    - target: {fileID: 1197021532527316, guid: 2c7c4d0fd431da44387c037594472773, type: 2}
      propertyPath: m_TagString
      value: Waypoint
      objectReference: {fileID: 0}
    m_RemovedComponents: []
  m_ParentPrefab: {fileID: 100100000, guid: 2c7c4d0fd431da44387c037594472773, type: 2}
  m_RootGameObject: {fileID: 1580041209}
  m_IsPrefabParent: 0
--- !u!1 &784981765
GameObject:
  m_ObjectHideFlags: 0
  m_PrefabParentObject: {fileID: 1197021532527316, guid: 2c7c4d0fd431da44387c037594472773,
    type: 2}
  m_PrefabInternal: {fileID: 107143291}
  serializedVersion: 5
  m_Component:
  - component: {fileID: 784981766}
  m_Layer: 0
  m_Name: wp1
  m_TagString: Waypoint
  m_Icon: {fileID: 0}
  m_NavMeshLayer: 0
  m_StaticEditorFlags: 0
  m_IsActive: 1
--- !u!4 &784981766
Transform:
  m_ObjectHideFlags: 0
  m_PrefabParentObject: {fileID: 4110418438414096, guid: 2c7c4d0fd431da44387c037594472773,
    type: 2}
  m_PrefabInternal: {fileID: 107143291}
  m_GameObject: {fileID: 784981765}
  m_LocalRotation: {x: 0, y: 0, z: 0, w: 1}
  m_LocalPosition: {x: 18.51, y: 0, z: 69.9}
  m_LocalScale: {x: 1, y: 1, z: 1}
  m_Children: []
  m_Father: {fileID: 0}
  m_RootOrder: 1
  m_LocalEulerAnglesHint: {x: 0, y: 0, z: 0}
--- !u!1001 &907280902
Prefab:
  m_ObjectHideFlags: 0
  serializedVersion: 2
  m_Modification:
    m_TransformParent: {fileID: 0}
    m_Modifications:
    - target: {fileID: 114240519522542778, guid: e380533dbd4423f43bafdc3b9d30785d,
        type: 2}
      propertyPath: botSpawner.Array.size
      value: 1
      objectReference: {fileID: 0}
    - target: {fileID: 4748292026832620, guid: e380533dbd4423f43bafdc3b9d30785d, type: 2}
      propertyPath: m_LocalPosition.x
      value: 6.67
      objectReference: {fileID: 0}
    - target: {fileID: 4748292026832620, guid: e380533dbd4423f43bafdc3b9d30785d, type: 2}
      propertyPath: m_LocalPosition.y
      value: 0.68
      objectReference: {fileID: 0}
    - target: {fileID: 4748292026832620, guid: e380533dbd4423f43bafdc3b9d30785d, type: 2}
      propertyPath: m_LocalPosition.z
      value: 94.4
      objectReference: {fileID: 0}
    - target: {fileID: 4748292026832620, guid: e380533dbd4423f43bafdc3b9d30785d, type: 2}
      propertyPath: m_LocalRotation.x
      value: -0
      objectReference: {fileID: 0}
    - target: {fileID: 4748292026832620, guid: e380533dbd4423f43bafdc3b9d30785d, type: 2}
      propertyPath: m_LocalRotation.y
      value: 0.25358328
      objectReference: {fileID: 0}
    - target: {fileID: 4748292026832620, guid: e380533dbd4423f43bafdc3b9d30785d, type: 2}
      propertyPath: m_LocalRotation.z
      value: -0
      objectReference: {fileID: 0}
    - target: {fileID: 4748292026832620, guid: e380533dbd4423f43bafdc3b9d30785d, type: 2}
      propertyPath: m_LocalRotation.w
      value: -0.9673136
      objectReference: {fileID: 0}
    - target: {fileID: 4748292026832620, guid: e380533dbd4423f43bafdc3b9d30785d, type: 2}
      propertyPath: m_RootOrder
      value: 2
      objectReference: {fileID: 0}
    - target: {fileID: 4748292026832620, guid: e380533dbd4423f43bafdc3b9d30785d, type: 2}
      propertyPath: m_LocalEulerAnglesHint.y
      value: 330.621
      objectReference: {fileID: 0}
    - target: {fileID: 114240519522542778, guid: e380533dbd4423f43bafdc3b9d30785d,
        type: 2}
      propertyPath: botSpawner.Array.data[0].prefab
      value: 
      objectReference: {fileID: 4723192345701090, guid: 66402e50d7c6dbf41a69cf1e532082fc,
        type: 2}
    - target: {fileID: 114240519522542778, guid: e380533dbd4423f43bafdc3b9d30785d,
        type: 2}
      propertyPath: botSpawner.Array.data[1].prefab
      value: 
      objectReference: {fileID: 4446502905146096, guid: bd073232ef6b8bb45920c8cf1eca0cad,
        type: 2}
    - target: {fileID: 114240519522542778, guid: e380533dbd4423f43bafdc3b9d30785d,
        type: 2}
      propertyPath: botSpawner.Array.data[0].max
      value: 1
      objectReference: {fileID: 0}
    - target: {fileID: 114240519522542778, guid: e380533dbd4423f43bafdc3b9d30785d,
        type: 2}
      propertyPath: botSpawner.Array.data[1].max
      value: 3
      objectReference: {fileID: 0}
    - target: {fileID: 114240519522542778, guid: e380533dbd4423f43bafdc3b9d30785d,
        type: 2}
      propertyPath: botSpawner.Array.data[0].spawnDelay
      value: 3
      objectReference: {fileID: 0}
    - target: {fileID: 114240519522542778, guid: e380533dbd4423f43bafdc3b9d30785d,
        type: 2}
      propertyPath: botSpawner.Array.data[1].spawnDelay
      value: 7
      objectReference: {fileID: 0}
    - target: {fileID: 114240519522542778, guid: e380533dbd4423f43bafdc3b9d30785d,
        type: 2}
      propertyPath: botSpawner.Array.data[0].spawnPoint
      value: 
      objectReference: {fileID: 252547622}
    - target: {fileID: 114240519522542778, guid: e380533dbd4423f43bafdc3b9d30785d,
        type: 2}
      propertyPath: botSpawner.Array.data[1].spawnPoint
      value: 
      objectReference: {fileID: 252547622}
    m_RemovedComponents: []
  m_ParentPrefab: {fileID: 100100000, guid: e380533dbd4423f43bafdc3b9d30785d, type: 2}
  m_RootGameObject: {fileID: 537355514}
  m_IsPrefabParent: 0
--- !u!1001 &1016541186
Prefab:
  m_ObjectHideFlags: 0
  serializedVersion: 2
  m_Modification:
    m_TransformParent: {fileID: 0}
    m_Modifications:
    - target: {fileID: 4110418438414096, guid: 2c7c4d0fd431da44387c037594472773, type: 2}
      propertyPath: m_LocalPosition.x
      value: 30.66
      objectReference: {fileID: 0}
    - target: {fileID: 4110418438414096, guid: 2c7c4d0fd431da44387c037594472773, type: 2}
      propertyPath: m_LocalPosition.y
      value: 0
      objectReference: {fileID: 0}
    - target: {fileID: 4110418438414096, guid: 2c7c4d0fd431da44387c037594472773, type: 2}
      propertyPath: m_LocalPosition.z
      value: 50.28
      objectReference: {fileID: 0}
    - target: {fileID: 4110418438414096, guid: 2c7c4d0fd431da44387c037594472773, type: 2}
      propertyPath: m_LocalRotation.x
      value: 0
      objectReference: {fileID: 0}
    - target: {fileID: 4110418438414096, guid: 2c7c4d0fd431da44387c037594472773, type: 2}
      propertyPath: m_LocalRotation.y
      value: 0
      objectReference: {fileID: 0}
    - target: {fileID: 4110418438414096, guid: 2c7c4d0fd431da44387c037594472773, type: 2}
      propertyPath: m_LocalRotation.z
      value: 0
      objectReference: {fileID: 0}
    - target: {fileID: 4110418438414096, guid: 2c7c4d0fd431da44387c037594472773, type: 2}
      propertyPath: m_LocalRotation.w
      value: 1
      objectReference: {fileID: 0}
    - target: {fileID: 4110418438414096, guid: 2c7c4d0fd431da44387c037594472773, type: 2}
      propertyPath: m_RootOrder
      value: 6
      objectReference: {fileID: 0}
    - target: {fileID: 1197021532527316, guid: 2c7c4d0fd431da44387c037594472773, type: 2}
      propertyPath: m_Name
      value: wp2
      objectReference: {fileID: 0}
    - target: {fileID: 1197021532527316, guid: 2c7c4d0fd431da44387c037594472773, type: 2}
      propertyPath: m_TagString
      value: Waypoint
      objectReference: {fileID: 0}
    m_RemovedComponents: []
  m_ParentPrefab: {fileID: 100100000, guid: 2c7c4d0fd431da44387c037594472773, type: 2}
  m_RootGameObject: {fileID: 2008005258}
  m_IsPrefabParent: 0
--- !u!1 &1086190776
GameObject:
  m_ObjectHideFlags: 0
  m_PrefabParentObject: {fileID: 1197021532527316, guid: 2c7c4d0fd431da44387c037594472773,
    type: 2}
  m_PrefabInternal: {fileID: 640039198}
  serializedVersion: 5
  m_Component:
  - component: {fileID: 1086190777}
  m_Layer: 0
  m_Name: wp4
  m_TagString: Waypoint
  m_Icon: {fileID: 0}
  m_NavMeshLayer: 0
  m_StaticEditorFlags: 0
  m_IsActive: 1
--- !u!4 &1086190777
Transform:
  m_ObjectHideFlags: 0
  m_PrefabParentObject: {fileID: 4110418438414096, guid: 2c7c4d0fd431da44387c037594472773,
    type: 2}
  m_PrefabInternal: {fileID: 640039198}
  m_GameObject: {fileID: 1086190776}
  m_LocalRotation: {x: 0, y: 0, z: 0, w: 1}
  m_LocalPosition: {x: 60.81, y: 0, z: 36.84}
  m_LocalScale: {x: 1, y: 1, z: 1}
  m_Children: []
  m_Father: {fileID: 0}
  m_RootOrder: 8
  m_LocalEulerAnglesHint: {x: 0, y: 0, z: 0}
--- !u!1 &1169148813
GameObject:
  m_ObjectHideFlags: 0
  m_PrefabParentObject: {fileID: 1197021532527316, guid: 2c7c4d0fd431da44387c037594472773,
    type: 2}
  m_PrefabInternal: {fileID: 506653275}
  serializedVersion: 5
  m_Component:
  - component: {fileID: 1169148814}
  m_Layer: 0
  m_Name: wp3
  m_TagString: Waypoint
  m_Icon: {fileID: 0}
  m_NavMeshLayer: 0
  m_StaticEditorFlags: 0
  m_IsActive: 1
--- !u!4 &1169148814
Transform:
  m_ObjectHideFlags: 0
  m_PrefabParentObject: {fileID: 4110418438414096, guid: 2c7c4d0fd431da44387c037594472773,
    type: 2}
  m_PrefabInternal: {fileID: 506653275}
  m_GameObject: {fileID: 1169148813}
  m_LocalRotation: {x: 0, y: 0, z: 0, w: 1}
  m_LocalPosition: {x: 44.21, y: 0, z: 42.79}
  m_LocalScale: {x: 1, y: 1, z: 1}
  m_Children: []
  m_Father: {fileID: 0}
  m_RootOrder: 7
  m_LocalEulerAnglesHint: {x: 0, y: 0, z: 0}
--- !u!1 &1238675435
GameObject:
  m_ObjectHideFlags: 0
  m_PrefabParentObject: {fileID: 1197021532527316, guid: 2c7c4d0fd431da44387c037594472773,
    type: 2}
  m_PrefabInternal: {fileID: 16536725}
  serializedVersion: 5
  m_Component:
  - component: {fileID: 1238675436}
  m_Layer: 0
  m_Name: wp5
  m_TagString: Waypoint
  m_Icon: {fileID: 0}
  m_NavMeshLayer: 0
  m_StaticEditorFlags: 0
  m_IsActive: 1
--- !u!4 &1238675436
Transform:
  m_ObjectHideFlags: 0
  m_PrefabParentObject: {fileID: 4110418438414096, guid: 2c7c4d0fd431da44387c037594472773,
    type: 2}
  m_PrefabInternal: {fileID: 16536725}
  m_GameObject: {fileID: 1238675435}
  m_LocalRotation: {x: 0, y: 0, z: 0, w: 1}
  m_LocalPosition: {x: 65.84, y: 3.86, z: 17.16}
  m_LocalScale: {x: 1, y: 1, z: 1}
  m_Children: []
  m_Father: {fileID: 0}
  m_RootOrder: 9
  m_LocalEulerAnglesHint: {x: 0, y: 0, z: 0}
--- !u!1 &1580041209
GameObject:
  m_ObjectHideFlags: 0
  m_PrefabParentObject: {fileID: 1197021532527316, guid: 2c7c4d0fd431da44387c037594472773,
    type: 2}
  m_PrefabInternal: {fileID: 749848273}
  serializedVersion: 5
  m_Component:
  - component: {fileID: 1580041210}
  m_Layer: 0
  m_Name: wp6
  m_TagString: Waypoint
  m_Icon: {fileID: 0}
  m_NavMeshLayer: 0
  m_StaticEditorFlags: 0
  m_IsActive: 1
--- !u!4 &1580041210
Transform:
  m_ObjectHideFlags: 0
  m_PrefabParentObject: {fileID: 4110418438414096, guid: 2c7c4d0fd431da44387c037594472773,
    type: 2}
  m_PrefabInternal: {fileID: 749848273}
  m_GameObject: {fileID: 1580041209}
  m_LocalRotation: {x: 0, y: 0, z: 0, w: 1}
  m_LocalPosition: {x: 82.4, y: 3.86, z: 6.28}
  m_LocalScale: {x: 1, y: 1, z: 1}
  m_Children: []
  m_Father: {fileID: 0}
  m_RootOrder: 10
  m_LocalEulerAnglesHint: {x: 0, y: 0, z: 0}
--- !u!1 &1675781292
GameObject:
  m_ObjectHideFlags: 0
  m_PrefabParentObject: {fileID: 0}
  m_PrefabInternal: {fileID: 0}
  serializedVersion: 5
  m_Component:
  - component: {fileID: 1675781297}
  - component: {fileID: 1675781296}
  - component: {fileID: 1675781295}
  - component: {fileID: 1675781294}
  - component: {fileID: 1675781293}
  m_Layer: 0
  m_Name: Main Camera
  m_TagString: MainCamera
  m_Icon: {fileID: 0}
  m_NavMeshLayer: 0
  m_StaticEditorFlags: 0
  m_IsActive: 1
--- !u!81 &1675781293
AudioListener:
  m_ObjectHideFlags: 0
  m_PrefabParentObject: {fileID: 0}
  m_PrefabInternal: {fileID: 0}
  m_GameObject: {fileID: 1675781292}
  m_Enabled: 1
--- !u!124 &1675781294
Behaviour:
  m_ObjectHideFlags: 0
  m_PrefabParentObject: {fileID: 0}
  m_PrefabInternal: {fileID: 0}
  m_GameObject: {fileID: 1675781292}
  m_Enabled: 1
--- !u!92 &1675781295
Behaviour:
  m_ObjectHideFlags: 0
  m_PrefabParentObject: {fileID: 0}
  m_PrefabInternal: {fileID: 0}
  m_GameObject: {fileID: 1675781292}
  m_Enabled: 1
--- !u!20 &1675781296
Camera:
  m_ObjectHideFlags: 0
  m_PrefabParentObject: {fileID: 0}
  m_PrefabInternal: {fileID: 0}
  m_GameObject: {fileID: 1675781292}
  m_Enabled: 1
  serializedVersion: 2
  m_ClearFlags: 1
  m_BackGroundColor: {r: 0.19215687, g: 0.3019608, b: 0.4745098, a: 0}
  m_NormalizedViewPortRect:
    serializedVersion: 2
    x: 0
    y: 0
    width: 1
    height: 1
  near clip plane: 0.3
  far clip plane: 1000
  field of view: 60
  orthographic: 0
  orthographic size: 5
  m_Depth: -1
  m_CullingMask:
    serializedVersion: 2
    m_Bits: 4294967295
  m_RenderingPath: -1
  m_TargetTexture: {fileID: 0}
  m_TargetDisplay: 0
  m_TargetEye: 3
  m_HDR: 1
  m_AllowMSAA: 1
  m_ForceIntoRT: 0
  m_OcclusionCulling: 1
  m_StereoConvergence: 10
  m_StereoSeparation: 0.022
  m_StereoMirrorMode: 0
--- !u!4 &1675781297
Transform:
  m_ObjectHideFlags: 0
  m_PrefabParentObject: {fileID: 0}
  m_PrefabInternal: {fileID: 0}
  m_GameObject: {fileID: 1675781292}
  m_LocalRotation: {x: 0.24904694, y: 0.67425007, z: -0.26050618, w: 0.64459217}
  m_LocalPosition: {x: -17.9, y: 35.2, z: 58.9}
  m_LocalScale: {x: 1, y: 1, z: 1}
  m_Children: []
  m_Father: {fileID: 0}
  m_RootOrder: 0
  m_LocalEulerAnglesHint: {x: 42.250004, y: 92.576004, z: 0}
--- !u!1 &2008005258
GameObject:
  m_ObjectHideFlags: 0
  m_PrefabParentObject: {fileID: 1197021532527316, guid: 2c7c4d0fd431da44387c037594472773,
    type: 2}
  m_PrefabInternal: {fileID: 1016541186}
  serializedVersion: 5
  m_Component:
  - component: {fileID: 2008005259}
  m_Layer: 0
  m_Name: wp2
  m_TagString: Waypoint
  m_Icon: {fileID: 0}
  m_NavMeshLayer: 0
  m_StaticEditorFlags: 0
  m_IsActive: 1
--- !u!4 &2008005259
Transform:
  m_ObjectHideFlags: 0
  m_PrefabParentObject: {fileID: 4110418438414096, guid: 2c7c4d0fd431da44387c037594472773,
    type: 2}
  m_PrefabInternal: {fileID: 1016541186}
  m_GameObject: {fileID: 2008005258}
  m_LocalRotation: {x: 0, y: 0, z: 0, w: 1}
  m_LocalPosition: {x: 30.66, y: 0, z: 50.28}
  m_LocalScale: {x: 1, y: 1, z: 1}
  m_Children: []
  m_Father: {fileID: 0}
  m_RootOrder: 6
  m_LocalEulerAnglesHint: {x: 0, y: 0, z: 0}
