%YAML 1.1
%TAG !u! tag:unity3d.com,2011:
--- !u!29 &1
OcclusionCullingSettings:
  m_ObjectHideFlags: 0
  serializedVersion: 2
  m_OcclusionBakeSettings:
    smallestOccluder: 5
    smallestHole: 0.25
    backfaceThreshold: 100
  m_SceneGUID: 00000000000000000000000000000000
  m_OcclusionCullingData: {fileID: 0}
--- !u!104 &2
RenderSettings:
  m_ObjectHideFlags: 0
  serializedVersion: 8
  m_Fog: 0
  m_FogColor: {r: 0.5, g: 0.5, b: 0.5, a: 1}
  m_FogMode: 3
  m_FogDensity: 0.01
  m_LinearFogStart: 0
  m_LinearFogEnd: 300
  m_AmbientSkyColor: {r: 0.212, g: 0.227, b: 0.259, a: 1}
  m_AmbientEquatorColor: {r: 0.114, g: 0.125, b: 0.133, a: 1}
  m_AmbientGroundColor: {r: 0.047, g: 0.043, b: 0.035, a: 1}
  m_AmbientIntensity: 1
  m_AmbientMode: 0
  m_SubtractiveShadowColor: {r: 0.42, g: 0.478, b: 0.627, a: 1}
  m_SkyboxMaterial: {fileID: 10304, guid: 0000000000000000f000000000000000, type: 0}
  m_HaloStrength: 0.5
  m_FlareStrength: 1
  m_FlareFadeSpeed: 3
  m_HaloTexture: {fileID: 0}
  m_SpotCookie: {fileID: 10001, guid: 0000000000000000e000000000000000, type: 0}
  m_DefaultReflectionMode: 0
  m_DefaultReflectionResolution: 128
  m_ReflectionBounces: 1
  m_ReflectionIntensity: 1
  m_CustomReflection: {fileID: 0}
  m_Sun: {fileID: 0}
  m_IndirectSpecularColor: {r: 0, g: 0, b: 0, a: 1}
--- !u!157 &3
LightmapSettings:
  m_ObjectHideFlags: 0
  serializedVersion: 9
  m_GIWorkflowMode: 0
  m_GISettings:
    serializedVersion: 2
    m_BounceScale: 1
    m_IndirectOutputScale: 1
    m_AlbedoBoost: 1
    m_TemporalCoherenceThreshold: 1
    m_EnvironmentLightingMode: 0
    m_EnableBakedLightmaps: 1
    m_EnableRealtimeLightmaps: 1
  m_LightmapEditorSettings:
    serializedVersion: 8
    m_Resolution: 2
    m_BakeResolution: 40
    m_TextureWidth: 1024
    m_TextureHeight: 1024
    m_AO: 0
    m_AOMaxDistance: 1
    m_CompAOExponent: 1
    m_CompAOExponentDirect: 0
    m_Padding: 2
    m_LightmapParameters: {fileID: 0}
    m_LightmapsBakeMode: 1
    m_TextureCompression: 1
    m_FinalGather: 0
    m_FinalGatherFiltering: 1
    m_FinalGatherRayCount: 256
    m_ReflectionCompression: 2
    m_MixedBakeMode: 1
    m_BakeBackend: 0
    m_PVRSampling: 1
    m_PVRDirectSampleCount: 32
    m_PVRSampleCount: 500
    m_PVRBounces: 2
    m_PVRFiltering: 0
    m_PVRFilteringMode: 1
    m_PVRCulling: 1
    m_PVRFilteringGaussRadiusDirect: 1
    m_PVRFilteringGaussRadiusIndirect: 5
    m_PVRFilteringGaussRadiusAO: 2
    m_PVRFilteringAtrousColorSigma: 1
    m_PVRFilteringAtrousNormalSigma: 1
    m_PVRFilteringAtrousPositionSigma: 1
  m_LightingDataAsset: {fileID: 0}
  m_ShadowMaskMode: 2
--- !u!196 &4
NavMeshSettings:
  serializedVersion: 2
  m_ObjectHideFlags: 0
  m_BuildSettings:
    serializedVersion: 2
    agentTypeID: 0
    agentRadius: 0.5
    agentHeight: 2
    agentSlope: 45
    agentClimb: 0.4
    ledgeDropHeight: 0
    maxJumpAcrossDistance: 0
    minRegionArea: 2
    manualCellSize: 0
    cellSize: 0.16666667
    manualTileSize: 0
    tileSize: 256
    accuratePlacement: 0
  m_NavMeshData: {fileID: 0}
--- !u!1 &173729610
GameObject:
  m_ObjectHideFlags: 0
  m_PrefabParentObject: {fileID: 1578271932134754, guid: 673b9f5fa5ffbaa4eb5bdde1758c9b41,
    type: 2}
  m_PrefabInternal: {fileID: 1583710001}
  serializedVersion: 5
  m_Component:
  - component: {fileID: 173729611}
  - component: {fileID: 173729613}
  - component: {fileID: 173729612}
  m_Layer: 5
  m_Name: Background
  m_TagString: Untagged
  m_Icon: {fileID: 0}
  m_NavMeshLayer: 0
  m_StaticEditorFlags: 0
  m_IsActive: 1
--- !u!224 &173729611
RectTransform:
  m_ObjectHideFlags: 0
  m_PrefabParentObject: {fileID: 224217969986010584, guid: 673b9f5fa5ffbaa4eb5bdde1758c9b41,
    type: 2}
  m_PrefabInternal: {fileID: 1583710001}
  m_GameObject: {fileID: 173729610}
  m_LocalRotation: {x: -0, y: -0, z: -0, w: 1}
  m_LocalPosition: {x: 0, y: 0, z: 0}
  m_LocalScale: {x: 1, y: 1, z: 1}
  m_Children: []
  m_Father: {fileID: 434776838}
  m_RootOrder: 0
  m_LocalEulerAnglesHint: {x: 0, y: 0, z: 0}
  m_AnchorMin: {x: 0, y: 0}
  m_AnchorMax: {x: 1, y: 1}
  m_AnchoredPosition: {x: 0, y: 0}
  m_SizeDelta: {x: 0, y: 0}
  m_Pivot: {x: 0.5, y: 0.5}
--- !u!114 &173729612
MonoBehaviour:
  m_ObjectHideFlags: 0
  m_PrefabParentObject: {fileID: 114281747289420438, guid: 673b9f5fa5ffbaa4eb5bdde1758c9b41,
    type: 2}
  m_PrefabInternal: {fileID: 1583710001}
  m_GameObject: {fileID: 173729610}
  m_Enabled: 1
  m_EditorHideFlags: 0
  m_Script: {fileID: -765806418, guid: f5f67c52d1564df4a8936ccd202a3bd8, type: 3}
  m_Name: 
  m_EditorClassIdentifier: 
  m_Material: {fileID: 2100000, guid: 3264d49bcc9a5994baec39653f84c21e, type: 2}
  m_Color: {r: 1, g: 0, b: 0, a: 0.322}
  m_RaycastTarget: 0
  m_OnCullStateChanged:
    m_PersistentCalls:
      m_Calls: []
    m_TypeName: UnityEngine.UI.MaskableGraphic+CullStateChangedEvent, UnityEngine.UI,
      Version=1.0.0.0, Culture=neutral, PublicKeyToken=null
  m_Sprite: {fileID: 21300000, guid: 8656d10b098e9374396ece634074accb, type: 3}
  m_Type: 0
  m_PreserveAspect: 0
  m_FillCenter: 1
  m_FillMethod: 4
  m_FillAmount: 1
  m_FillClockwise: 1
  m_FillOrigin: 0
--- !u!222 &173729613
CanvasRenderer:
  m_ObjectHideFlags: 0
  m_PrefabParentObject: {fileID: 222080985363212110, guid: 673b9f5fa5ffbaa4eb5bdde1758c9b41,
    type: 2}
  m_PrefabInternal: {fileID: 1583710001}
  m_GameObject: {fileID: 173729610}
--- !u!1 &258508029
GameObject:
  m_ObjectHideFlags: 0
  m_PrefabParentObject: {fileID: 1780657998203012, guid: 673b9f5fa5ffbaa4eb5bdde1758c9b41,
    type: 2}
  m_PrefabInternal: {fileID: 1583710001}
  serializedVersion: 5
  m_Component:
  - component: {fileID: 258508030}
  - component: {fileID: 258508032}
  - component: {fileID: 258508031}
  - component: {fileID: 258508033}
  m_Layer: 5
  m_Name: GUIReticle
  m_TagString: Untagged
  m_Icon: {fileID: 0}
  m_NavMeshLayer: 0
  m_StaticEditorFlags: 0
  m_IsActive: 1
--- !u!224 &258508030
RectTransform:
  m_ObjectHideFlags: 0
  m_PrefabParentObject: {fileID: 224271055488077682, guid: 673b9f5fa5ffbaa4eb5bdde1758c9b41,
    type: 2}
  m_PrefabInternal: {fileID: 1583710001}
  m_GameObject: {fileID: 258508029}
  m_LocalRotation: {x: 0, y: 0, z: 0, w: 1}
  m_LocalPosition: {x: 0, y: 0, z: 0}
  m_LocalScale: {x: 1, y: 1, z: 1}
  m_Children:
  - {fileID: 434776838}
  m_Father: {fileID: 672645234}
  m_RootOrder: 0
  m_LocalEulerAnglesHint: {x: 0, y: 0, z: 0}
  m_AnchorMin: {x: 0.5, y: 0.5}
  m_AnchorMax: {x: 0.5, y: 0.5}
  m_AnchoredPosition: {x: 0, y: 0}
  m_SizeDelta: {x: 15, y: 15}
  m_Pivot: {x: 0.5, y: 0.5}
--- !u!114 &258508031
MonoBehaviour:
  m_ObjectHideFlags: 0
  m_PrefabParentObject: {fileID: 114870557675988016, guid: 673b9f5fa5ffbaa4eb5bdde1758c9b41,
    type: 2}
  m_PrefabInternal: {fileID: 1583710001}
  m_GameObject: {fileID: 258508029}
  m_Enabled: 1
  m_EditorHideFlags: 0
  m_Script: {fileID: -765806418, guid: f5f67c52d1564df4a8936ccd202a3bd8, type: 3}
  m_Name: 
  m_EditorClassIdentifier: 
  m_Material: {fileID: 2100000, guid: 3264d49bcc9a5994baec39653f84c21e, type: 2}
  m_Color: {r: 1, g: 0, b: 0, a: 0.32156864}
  m_RaycastTarget: 0
  m_OnCullStateChanged:
    m_PersistentCalls:
      m_Calls: []
    m_TypeName: UnityEngine.UI.MaskableGraphic+CullStateChangedEvent, UnityEngine.UI,
      Version=1.0.0.0, Culture=neutral, PublicKeyToken=null
  m_Sprite: {fileID: 21300000, guid: 5c8f7a7dd34f79343be5e37d6bbbfab5, type: 3}
  m_Type: 0
  m_PreserveAspect: 0
  m_FillCenter: 1
  m_FillMethod: 4
  m_FillAmount: 1
  m_FillClockwise: 1
  m_FillOrigin: 0
--- !u!222 &258508032
CanvasRenderer:
  m_ObjectHideFlags: 0
  m_PrefabParentObject: {fileID: 222697172312523798, guid: 673b9f5fa5ffbaa4eb5bdde1758c9b41,
    type: 2}
  m_PrefabInternal: {fileID: 1583710001}
  m_GameObject: {fileID: 258508029}
--- !u!114 &258508033
MonoBehaviour:
  m_ObjectHideFlags: 0
  m_PrefabParentObject: {fileID: 114270114677171674, guid: 673b9f5fa5ffbaa4eb5bdde1758c9b41,
    type: 2}
  m_PrefabInternal: {fileID: 1583710001}
  m_GameObject: {fileID: 258508029}
  m_Enabled: 1
  m_EditorHideFlags: 0
  m_Script: {fileID: 11500000, guid: aa73ac07182d5484da71541502d48847, type: 3}
  m_Name: 
  m_EditorClassIdentifier: 
  m_Image: {fileID: 258508031}
  m_ReticleTransform: {fileID: 258508030}
--- !u!1 &382774906
GameObject:
  m_ObjectHideFlags: 0
  m_PrefabParentObject: {fileID: 1813576763761872, guid: 673b9f5fa5ffbaa4eb5bdde1758c9b41,
    type: 2}
  m_PrefabInternal: {fileID: 1583710001}
  serializedVersion: 5
  m_Component:
  - component: {fileID: 382774913}
  - component: {fileID: 382774912}
  - component: {fileID: 382774911}
  - component: {fileID: 382774910}
  - component: {fileID: 382774909}
  - component: {fileID: 382774908}
  - component: {fileID: 382774907}
  m_Layer: 0
  m_Name: Main Camera
  m_TagString: MainCamera
  m_Icon: {fileID: 0}
  m_NavMeshLayer: 0
  m_StaticEditorFlags: 0
  m_IsActive: 1
--- !u!114 &382774907
MonoBehaviour:
  m_ObjectHideFlags: 0
  m_PrefabParentObject: {fileID: 114470865453098104, guid: 673b9f5fa5ffbaa4eb5bdde1758c9b41,
    type: 2}
  m_PrefabInternal: {fileID: 1583710001}
  m_GameObject: {fileID: 382774906}
  m_Enabled: 1
  m_EditorHideFlags: 0
  m_Script: {fileID: 11500000, guid: 374b26343ce01c74d93f7d25b757c040, type: 3}
  m_Name: 
  m_EditorClassIdentifier: 
  m_SelectionDuration: 0.8
  m_HideOnStart: 1
  m_Selection: {fileID: 434776840}
  m_Recticle: {fileID: 258508033}
  m_VRInput: {fileID: 672645230}
  m_useButton: 1
  _hideScale: 0.2
--- !u!114 &382774908
MonoBehaviour:
  m_ObjectHideFlags: 0
  m_PrefabParentObject: {fileID: 114458283607844068, guid: 673b9f5fa5ffbaa4eb5bdde1758c9b41,
    type: 2}
  m_PrefabInternal: {fileID: 1583710001}
  m_GameObject: {fileID: 382774906}
  m_Enabled: 1
  m_EditorHideFlags: 0
  m_Script: {fileID: 11500000, guid: 3d99b1710b1f89546906c0e9a6d845e0, type: 3}
  m_Name: 
  m_EditorClassIdentifier: 
  HorizontalAndVerticalKey: 308
  _mouseSensitivity: 0.5
--- !u!81 &382774909
AudioListener:
  m_ObjectHideFlags: 0
  m_PrefabParentObject: {fileID: 81384399201209028, guid: 673b9f5fa5ffbaa4eb5bdde1758c9b41,
    type: 2}
  m_PrefabInternal: {fileID: 1583710001}
  m_GameObject: {fileID: 382774906}
  m_Enabled: 1
--- !u!124 &382774910
Behaviour:
  m_ObjectHideFlags: 0
  m_PrefabParentObject: {fileID: 124234239208889638, guid: 673b9f5fa5ffbaa4eb5bdde1758c9b41,
    type: 2}
  m_PrefabInternal: {fileID: 1583710001}
  m_GameObject: {fileID: 382774906}
  m_Enabled: 1
--- !u!92 &382774911
Behaviour:
  m_ObjectHideFlags: 0
  m_PrefabParentObject: {fileID: 92918243872557004, guid: 673b9f5fa5ffbaa4eb5bdde1758c9b41,
    type: 2}
  m_PrefabInternal: {fileID: 1583710001}
  m_GameObject: {fileID: 382774906}
  m_Enabled: 1
--- !u!20 &382774912
Camera:
  m_ObjectHideFlags: 0
  m_PrefabParentObject: {fileID: 20156314404860158, guid: 673b9f5fa5ffbaa4eb5bdde1758c9b41,
    type: 2}
  m_PrefabInternal: {fileID: 1583710001}
  m_GameObject: {fileID: 382774906}
  m_Enabled: 1
  serializedVersion: 2
  m_ClearFlags: 1
  m_BackGroundColor: {r: 0.19215687, g: 0.3019608, b: 0.4745098, a: 0}
  m_NormalizedViewPortRect:
    serializedVersion: 2
    x: 0
    y: 0
    width: 1
    height: 1
  near clip plane: 0.3
  far clip plane: 1000
  field of view: 60
  orthographic: 0
  orthographic size: 5
  m_Depth: -1
  m_CullingMask:
    serializedVersion: 2
    m_Bits: 4294967295
  m_RenderingPath: -1
  m_TargetTexture: {fileID: 0}
  m_TargetDisplay: 0
  m_TargetEye: 3
  m_HDR: 0
  m_AllowMSAA: 1
  m_ForceIntoRT: 0
  m_OcclusionCulling: 1
  m_StereoConvergence: 10
  m_StereoSeparation: 0.022
  m_StereoMirrorMode: 0
--- !u!4 &382774913
Transform:
  m_ObjectHideFlags: 0
  m_PrefabParentObject: {fileID: 4052921482421904, guid: 673b9f5fa5ffbaa4eb5bdde1758c9b41,
    type: 2}
  m_PrefabInternal: {fileID: 1583710001}
  m_GameObject: {fileID: 382774906}
  m_LocalRotation: {x: 0, y: 0, z: 0, w: 1}
  m_LocalPosition: {x: -4.3868995, y: -1.803369, z: 3.7618585}
  m_LocalScale: {x: 1, y: 1, z: 1}
  m_Children:
  - {fileID: 672645234}
  m_Father: {fileID: 0}
  m_RootOrder: 1
  m_LocalEulerAnglesHint: {x: 0, y: 0, z: 0}
--- !u!1 &434776837
GameObject:
  m_ObjectHideFlags: 0
  m_PrefabParentObject: {fileID: 1904540868057590, guid: 673b9f5fa5ffbaa4eb5bdde1758c9b41,
    type: 2}
  m_PrefabInternal: {fileID: 1583710001}
  serializedVersion: 5
  m_Component:
  - component: {fileID: 434776838}
  - component: {fileID: 434776839}
  - component: {fileID: 434776840}
  m_Layer: 5
  m_Name: UISelectionBar
  m_TagString: Untagged
  m_Icon: {fileID: 0}
  m_NavMeshLayer: 0
  m_StaticEditorFlags: 0
  m_IsActive: 1
--- !u!224 &434776838
RectTransform:
  m_ObjectHideFlags: 0
  m_PrefabParentObject: {fileID: 224640408938192040, guid: 673b9f5fa5ffbaa4eb5bdde1758c9b41,
    type: 2}
  m_PrefabInternal: {fileID: 1583710001}
  m_GameObject: {fileID: 434776837}
  m_LocalRotation: {x: -0, y: -0, z: -0, w: 1}
  m_LocalPosition: {x: 0, y: 0, z: 0}
  m_LocalScale: {x: 1, y: 1, z: 1}
  m_Children:
  - {fileID: 173729611}
  m_Father: {fileID: 258508030}
  m_RootOrder: 0
  m_LocalEulerAnglesHint: {x: 0, y: 0, z: 0}
  m_AnchorMin: {x: 0.5, y: 0.5}
  m_AnchorMax: {x: 0.5, y: 0.5}
  m_AnchoredPosition: {x: 0, y: 0}
  m_SizeDelta: {x: 20, y: 20}
  m_Pivot: {x: 0.5, y: 0.5}
--- !u!222 &434776839
CanvasRenderer:
  m_ObjectHideFlags: 0
  m_PrefabParentObject: {fileID: 222233985744200880, guid: 673b9f5fa5ffbaa4eb5bdde1758c9b41,
    type: 2}
  m_PrefabInternal: {fileID: 1583710001}
  m_GameObject: {fileID: 434776837}
--- !u!114 &434776840
MonoBehaviour:
  m_ObjectHideFlags: 0
  m_PrefabParentObject: {fileID: 114721440109671382, guid: 673b9f5fa5ffbaa4eb5bdde1758c9b41,
    type: 2}
  m_PrefabInternal: {fileID: 1583710001}
  m_GameObject: {fileID: 434776837}
  m_Enabled: 1
  m_EditorHideFlags: 0
  m_Script: {fileID: -765806418, guid: f70555f144d8491a825f0804e09c671c, type: 3}
  m_Name: 
  m_EditorClassIdentifier: 
  m_Material: {fileID: 2100000, guid: 3264d49bcc9a5994baec39653f84c21e, type: 2}
  m_Color: {r: 1, g: 0, b: 0, a: 0.778}
  m_RaycastTarget: 0
  m_OnCullStateChanged:
    m_PersistentCalls:
      m_Calls: []
    m_TypeName: UnityEngine.UI.MaskableGraphic+CullStateChangedEvent, UnityEngine.UI,
      Version=1.0.0.0, Culture=neutral, PublicKeyToken=null
  m_Sprite: {fileID: 21300000, guid: 8656d10b098e9374396ece634074accb, type: 3}
  m_Type: 3
  m_PreserveAspect: 0
  m_FillCenter: 1
  m_FillMethod: 4
  m_FillAmount: 0
  m_FillClockwise: 1
  m_FillOrigin: 0
--- !u!1 &672645229
GameObject:
  m_ObjectHideFlags: 0
  m_PrefabParentObject: {fileID: 1803000668285202, guid: 673b9f5fa5ffbaa4eb5bdde1758c9b41,
    type: 2}
  m_PrefabInternal: {fileID: 1583710001}
  serializedVersion: 5
  m_Component:
  - component: {fileID: 672645234}
  - component: {fileID: 672645233}
  - component: {fileID: 672645232}
  - component: {fileID: 672645230}
  - component: {fileID: 672645231}
  m_Layer: 5
  m_Name: VRReticleCanvas
  m_TagString: Untagged
  m_Icon: {fileID: 0}
  m_NavMeshLayer: 0
  m_StaticEditorFlags: 0
  m_IsActive: 1
--- !u!114 &672645230
MonoBehaviour:
  m_ObjectHideFlags: 0
  m_PrefabParentObject: {fileID: 114312305189540766, guid: 673b9f5fa5ffbaa4eb5bdde1758c9b41,
    type: 2}
  m_PrefabInternal: {fileID: 1583710001}
  m_GameObject: {fileID: 672645229}
  m_Enabled: 1
  m_EditorHideFlags: 0
  m_Script: {fileID: 11500000, guid: 0e08df33adf97aa4395060c767d7f0e6, type: 3}
  m_Name: 
  m_EditorClassIdentifier: 
  m_DoubleClickTime: 0.3
  m_SwipeWidth: 0.3
--- !u!114 &672645231
MonoBehaviour:
  m_ObjectHideFlags: 0
  m_PrefabParentObject: {fileID: 114868403109672830, guid: 673b9f5fa5ffbaa4eb5bdde1758c9b41,
    type: 2}
  m_PrefabInternal: {fileID: 1583710001}
  m_GameObject: {fileID: 672645229}
  m_Enabled: 1
  m_EditorHideFlags: 0
  m_Script: {fileID: 11500000, guid: 720ba579514ff1b4cab0fd3c3e94bf6a, type: 3}
  m_Name: 
  m_EditorClassIdentifier: 
  m_Camera: {fileID: 382774913}
  m_ExclusionLayers:
    serializedVersion: 2
    m_Bits: 4
  m_VrInput: {fileID: 672645230}
  m_ShowDebugRay: 0
  m_DebugRayLength: 50
  m_DebugRayDuration: 5
  m_RayLength: 3000
--- !u!114 &672645232
MonoBehaviour:
  m_ObjectHideFlags: 0
  m_PrefabParentObject: {fileID: 114942813930728634, guid: 673b9f5fa5ffbaa4eb5bdde1758c9b41,
    type: 2}
  m_PrefabInternal: {fileID: 1583710001}
  m_GameObject: {fileID: 672645229}
  m_Enabled: 1
  m_EditorHideFlags: 0
  m_Script: {fileID: 1301386320, guid: f5f67c52d1564df4a8936ccd202a3bd8, type: 3}
  m_Name: 
  m_EditorClassIdentifier: 
  m_IgnoreReversedGraphics: 1
  m_BlockingObjects: 0
  m_BlockingMask:
    serializedVersion: 2
    m_Bits: 4294967295
--- !u!223 &672645233
Canvas:
  m_ObjectHideFlags: 0
  m_PrefabParentObject: {fileID: 223829874613186482, guid: 673b9f5fa5ffbaa4eb5bdde1758c9b41,
    type: 2}
  m_PrefabInternal: {fileID: 1583710001}
  m_GameObject: {fileID: 672645229}
  m_Enabled: 1
  serializedVersion: 3
  m_RenderMode: 1
  m_Camera: {fileID: 382774912}
  m_PlaneDistance: 5
  m_PixelPerfect: 0
  m_ReceivesEvents: 1
  m_OverrideSorting: 0
  m_OverridePixelPerfect: 0
  m_SortingBucketNormalizedSize: 0
  m_AdditionalShaderChannelsFlag: 25
  m_SortingLayerID: 0
  m_SortingOrder: 2
  m_TargetDisplay: 0
--- !u!224 &672645234
RectTransform:
  m_ObjectHideFlags: 0
  m_PrefabParentObject: {fileID: 224907159670690544, guid: 673b9f5fa5ffbaa4eb5bdde1758c9b41,
    type: 2}
  m_PrefabInternal: {fileID: 1583710001}
  m_GameObject: {fileID: 672645229}
  m_LocalRotation: {x: 0, y: 0, z: 0, w: 1}
  m_LocalPosition: {x: 0, y: 0, z: 0}
  m_LocalScale: {x: 0, y: 0, z: 0}
  m_Children:
  - {fileID: 258508030}
  - {fileID: 1863402306}
  m_Father: {fileID: 382774913}
  m_RootOrder: 0
  m_LocalEulerAnglesHint: {x: 0, y: 0, z: 0}
  m_AnchorMin: {x: 0, y: 0}
  m_AnchorMax: {x: 0, y: 0}
  m_AnchoredPosition: {x: 0, y: 0}
  m_SizeDelta: {x: 0, y: 0}
  m_Pivot: {x: 0, y: 0}
--- !u!1 &947252523
GameObject:
  m_ObjectHideFlags: 0
  m_PrefabParentObject: {fileID: 0}
  m_PrefabInternal: {fileID: 0}
  serializedVersion: 5
  m_Component:
  - component: {fileID: 947252526}
  - component: {fileID: 947252525}
  - component: {fileID: 947252524}
  m_Layer: 0
  m_Name: EventSystem
  m_TagString: Untagged
  m_Icon: {fileID: 0}
  m_NavMeshLayer: 0
  m_StaticEditorFlags: 0
  m_IsActive: 1
--- !u!114 &947252524
MonoBehaviour:
  m_ObjectHideFlags: 0
  m_PrefabParentObject: {fileID: 0}
  m_PrefabInternal: {fileID: 0}
  m_GameObject: {fileID: 947252523}
  m_Enabled: 1
  m_EditorHideFlags: 0
  m_Script: {fileID: 1077351063, guid: f70555f144d8491a825f0804e09c671c, type: 3}
  m_Name: 
  m_EditorClassIdentifier: 
  m_HorizontalAxis: Horizontal
  m_VerticalAxis: Vertical
  m_SubmitButton: Submit
  m_CancelButton: Cancel
  m_InputActionsPerSecond: 10
  m_RepeatDelay: 0.5
  m_ForceModuleActive: 0
--- !u!114 &947252525
MonoBehaviour:
  m_ObjectHideFlags: 0
  m_PrefabParentObject: {fileID: 0}
  m_PrefabInternal: {fileID: 0}
  m_GameObject: {fileID: 947252523}
  m_Enabled: 1
  m_EditorHideFlags: 0
  m_Script: {fileID: -619905303, guid: f70555f144d8491a825f0804e09c671c, type: 3}
  m_Name: 
  m_EditorClassIdentifier: 
  m_FirstSelected: {fileID: 0}
  m_sendNavigationEvents: 1
  m_DragThreshold: 5
--- !u!4 &947252526
Transform:
  m_ObjectHideFlags: 0
  m_PrefabParentObject: {fileID: 0}
  m_PrefabInternal: {fileID: 0}
  m_GameObject: {fileID: 947252523}
  m_LocalRotation: {x: 0, y: 0, z: 0, w: 1}
  m_LocalPosition: {x: 0, y: 0, z: 0}
  m_LocalScale: {x: 1, y: 1, z: 1}
  m_Children: []
  m_Father: {fileID: 0}
  m_RootOrder: 3
  m_LocalEulerAnglesHint: {x: 0, y: 0, z: 0}
--- !u!1 &1555136304
GameObject:
  m_ObjectHideFlags: 0
  m_PrefabParentObject: {fileID: 0}
  m_PrefabInternal: {fileID: 0}
  serializedVersion: 5
  m_Component:
  - component: {fileID: 1555136306}
  - component: {fileID: 1555136305}
  m_Layer: 0
  m_Name: Directional Light
  m_TagString: Untagged
  m_Icon: {fileID: 0}
  m_NavMeshLayer: 0
  m_StaticEditorFlags: 0
  m_IsActive: 1
--- !u!108 &1555136305
Light:
  m_ObjectHideFlags: 0
  m_PrefabParentObject: {fileID: 0}
  m_PrefabInternal: {fileID: 0}
  m_GameObject: {fileID: 1555136304}
  m_Enabled: 1
  serializedVersion: 8
  m_Type: 1
  m_Color: {r: 1, g: 0.95686275, b: 0.8392157, a: 1}
  m_Intensity: 1
  m_Range: 10
  m_SpotAngle: 30
  m_CookieSize: 10
  m_Shadows:
    m_Type: 2
    m_Resolution: -1
    m_CustomResolution: -1
    m_Strength: 1
    m_Bias: 0.05
    m_NormalBias: 0.4
    m_NearPlane: 0.2
  m_Cookie: {fileID: 0}
  m_DrawHalo: 0
  m_Flare: {fileID: 0}
  m_RenderMode: 0
  m_CullingMask:
    serializedVersion: 2
    m_Bits: 4294967295
  m_Lightmapping: 4
  m_AreaSize: {x: 1, y: 1}
  m_BounceIntensity: 1
  m_ColorTemperature: 6570
  m_UseColorTemperature: 0
  m_ShadowRadius: 0
  m_ShadowAngle: 0
--- !u!4 &1555136306
Transform:
  m_ObjectHideFlags: 0
  m_PrefabParentObject: {fileID: 0}
  m_PrefabInternal: {fileID: 0}
  m_GameObject: {fileID: 1555136304}
  m_LocalRotation: {x: 0.40821788, y: -0.23456968, z: 0.10938163, w: 0.8754261}
  m_LocalPosition: {x: 0, y: 3, z: 0}
  m_LocalScale: {x: 1, y: 1, z: 1}
  m_Children: []
  m_Father: {fileID: 0}
  m_RootOrder: 0
  m_LocalEulerAnglesHint: {x: 50, y: -30, z: 0}
--- !u!1001 &1583710001
Prefab:
  m_ObjectHideFlags: 0
  serializedVersion: 2
  m_Modification:
    m_TransformParent: {fileID: 0}
    m_Modifications:
    - target: {fileID: 4052921482421904, guid: 673b9f5fa5ffbaa4eb5bdde1758c9b41, type: 2}
      propertyPath: m_LocalPosition.x
      value: -4.3868995
      objectReference: {fileID: 0}
    - target: {fileID: 4052921482421904, guid: 673b9f5fa5ffbaa4eb5bdde1758c9b41, type: 2}
      propertyPath: m_LocalPosition.y
      value: -1.803369
      objectReference: {fileID: 0}
    - target: {fileID: 4052921482421904, guid: 673b9f5fa5ffbaa4eb5bdde1758c9b41, type: 2}
      propertyPath: m_LocalPosition.z
      value: 3.7618585
      objectReference: {fileID: 0}
    - target: {fileID: 4052921482421904, guid: 673b9f5fa5ffbaa4eb5bdde1758c9b41, type: 2}
      propertyPath: m_LocalRotation.x
      value: 0
      objectReference: {fileID: 0}
    - target: {fileID: 4052921482421904, guid: 673b9f5fa5ffbaa4eb5bdde1758c9b41, type: 2}
      propertyPath: m_LocalRotation.y
      value: 0
      objectReference: {fileID: 0}
    - target: {fileID: 4052921482421904, guid: 673b9f5fa5ffbaa4eb5bdde1758c9b41, type: 2}
      propertyPath: m_LocalRotation.z
      value: 0
      objectReference: {fileID: 0}
    - target: {fileID: 4052921482421904, guid: 673b9f5fa5ffbaa4eb5bdde1758c9b41, type: 2}
      propertyPath: m_LocalRotation.w
      value: 1
      objectReference: {fileID: 0}
    - target: {fileID: 4052921482421904, guid: 673b9f5fa5ffbaa4eb5bdde1758c9b41, type: 2}
      propertyPath: m_RootOrder
      value: 1
      objectReference: {fileID: 0}
    m_RemovedComponents: []
  m_ParentPrefab: {fileID: 100100000, guid: 673b9f5fa5ffbaa4eb5bdde1758c9b41, type: 2}
  m_RootGameObject: {fileID: 382774906}
  m_IsPrefabParent: 0
--- !u!1 &1749024178
GameObject:
  m_ObjectHideFlags: 0
  m_PrefabParentObject: {fileID: 0}
  m_PrefabInternal: {fileID: 0}
  serializedVersion: 5
  m_Component:
  - component: {fileID: 1749024183}
  - component: {fileID: 1749024182}
  - component: {fileID: 1749024181}
  - component: {fileID: 1749024180}
  - component: {fileID: 1749024184}
  - component: {fileID: 1749024179}
  - component: {fileID: 1749024185}
  - component: {fileID: 1749024186}
  m_Layer: 0
  m_Name: Cube
  m_TagString: Untagged
  m_Icon: {fileID: 0}
  m_NavMeshLayer: 0
  m_StaticEditorFlags: 0
  m_IsActive: 1
--- !u!114 &1749024179
MonoBehaviour:
  m_ObjectHideFlags: 0
  m_PrefabParentObject: {fileID: 0}
  m_PrefabInternal: {fileID: 0}
  m_GameObject: {fileID: 1749024178}
  m_Enabled: 1
  m_EditorHideFlags: 0
  m_Script: {fileID: 11500000, guid: bbfe31cf9417045ecbdff4fb1235339a, type: 3}
  m_Name: 
  m_EditorClassIdentifier: 
--- !u!23 &1749024180
MeshRenderer:
  m_ObjectHideFlags: 0
  m_PrefabParentObject: {fileID: 0}
  m_PrefabInternal: {fileID: 0}
  m_GameObject: {fileID: 1749024178}
  m_Enabled: 1
  m_CastShadows: 1
  m_ReceiveShadows: 1
  m_MotionVectors: 1
  m_LightProbeUsage: 1
  m_ReflectionProbeUsage: 1
  m_Materials:
  - {fileID: 10303, guid: 0000000000000000f000000000000000, type: 0}
  m_StaticBatchInfo:
    firstSubMesh: 0
    subMeshCount: 0
  m_StaticBatchRoot: {fileID: 0}
  m_ProbeAnchor: {fileID: 0}
  m_LightProbeVolumeOverride: {fileID: 0}
  m_ScaleInLightmap: 1
  m_PreserveUVs: 1
  m_IgnoreNormalsForChartDetection: 0
  m_ImportantGI: 0
  m_SelectedEditorRenderState: 3
  m_MinimumChartSize: 4
  m_AutoUVMaxDistance: 0.5
  m_AutoUVMaxAngle: 89
  m_LightmapParameters: {fileID: 0}
  m_SortingLayerID: 0
  m_SortingLayer: 0
  m_SortingOrder: 0
--- !u!65 &1749024181
BoxCollider:
  m_ObjectHideFlags: 0
  m_PrefabParentObject: {fileID: 0}
  m_PrefabInternal: {fileID: 0}
  m_GameObject: {fileID: 1749024178}
  m_Material: {fileID: 0}
  m_IsTrigger: 0
  m_Enabled: 1
  serializedVersion: 2
  m_Size: {x: 1, y: 1, z: 1}
  m_Center: {x: 0, y: 0, z: 0}
--- !u!33 &1749024182
MeshFilter:
  m_ObjectHideFlags: 0
  m_PrefabParentObject: {fileID: 0}
  m_PrefabInternal: {fileID: 0}
  m_GameObject: {fileID: 1749024178}
  m_Mesh: {fileID: 10202, guid: 0000000000000000e000000000000000, type: 0}
--- !u!4 &1749024183
Transform:
  m_ObjectHideFlags: 0
  m_PrefabParentObject: {fileID: 0}
  m_PrefabInternal: {fileID: 0}
  m_GameObject: {fileID: 1749024178}
  m_LocalRotation: {x: 0, y: 0, z: 0, w: 1}
  m_LocalPosition: {x: -1.238204, y: -1.41, z: 14.94}
  m_LocalScale: {x: 1, y: 1, z: 1}
  m_Children: []
  m_Father: {fileID: 0}
  m_RootOrder: 2
  m_LocalEulerAnglesHint: {x: 0, y: 0, z: 0}
--- !u!114 &1749024184
MonoBehaviour:
  m_ObjectHideFlags: 0
  m_PrefabParentObject: {fileID: 0}
  m_PrefabInternal: {fileID: 0}
  m_GameObject: {fileID: 1749024178}
  m_Enabled: 1
  m_EditorHideFlags: 0
  m_Script: {fileID: 11500000, guid: ea77547a7368c7647b0388c4252215f6, type: 3}
  m_Name: 
  m_EditorClassIdentifier: 
--- !u!114 &1749024185
MonoBehaviour:
  m_ObjectHideFlags: 0
  m_PrefabParentObject: {fileID: 0}
  m_PrefabInternal: {fileID: 0}
  m_GameObject: {fileID: 1749024178}
  m_Enabled: 1
  m_EditorHideFlags: 0
  m_Script: {fileID: 11500000, guid: f864fcf0056ee904ab9b7d8b36bdbdf8, type: 3}
  m_Name: 
  m_EditorClassIdentifier: 
  OnGazeSelectionComplete:
    m_PersistentCalls:
      m_Calls:
      - m_Target: {fileID: 1749024178}
        m_MethodName: SetActive
        m_Mode: 6
        m_Arguments:
          m_ObjectArgument: {fileID: 0}
          m_ObjectArgumentAssemblyTypeName: UnityEngine.Object, UnityEngine
          m_IntArgument: 0
          m_FloatArgument: 0
          m_StringArgument: 
          m_BoolArgument: 0
        m_CallState: 2
    m_TypeName: GazeEvent, Assembly-CSharp, Version=0.0.0.0, Culture=neutral, PublicKeyToken=null
  OnOver:
    m_PersistentCalls:
      m_Calls:
      - m_Target: {fileID: 1749024186}
        m_MethodName: SetBlue
        m_Mode: 1
        m_Arguments:
          m_ObjectArgument: {fileID: 0}
          m_ObjectArgumentAssemblyTypeName: UnityEngine.Object, UnityEngine
          m_IntArgument: 0
          m_FloatArgument: 0
          m_StringArgument: 
          m_BoolArgument: 0
        m_CallState: 2
    m_TypeName: GazeEvent, Assembly-CSharp, Version=0.0.0.0, Culture=neutral, PublicKeyToken=null
  OnOut:
    m_PersistentCalls:
      m_Calls:
      - m_Target: {fileID: 1749024186}
        m_MethodName: SetWhite
        m_Mode: 1
        m_Arguments:
          m_ObjectArgument: {fileID: 0}
          m_ObjectArgumentAssemblyTypeName: UnityEngine.Object, UnityEngine
          m_IntArgument: 0
          m_FloatArgument: 0
          m_StringArgument: 
          m_BoolArgument: 0
        m_CallState: 2
    m_TypeName: GazeEvent, Assembly-CSharp, Version=0.0.0.0, Culture=neutral, PublicKeyToken=null
--- !u!114 &1749024186
MonoBehaviour:
  m_ObjectHideFlags: 0
  m_PrefabParentObject: {fileID: 0}
  m_PrefabInternal: {fileID: 0}
  m_GameObject: {fileID: 1749024178}
  m_Enabled: 1
  m_EditorHideFlags: 0
  m_Script: {fileID: 11500000, guid: 4949a567939c34446a0e1ed8326aa00b, type: 3}
  m_Name: 
  m_EditorClassIdentifier: 
--- !u!1 &1863402305
GameObject:
  m_ObjectHideFlags: 0
  m_PrefabParentObject: {fileID: 1624559409422270, guid: 673b9f5fa5ffbaa4eb5bdde1758c9b41,
    type: 2}
  m_PrefabInternal: {fileID: 1583710001}
  serializedVersion: 5
  m_Component:
  - component: {fileID: 1863402306}
  - component: {fileID: 1863402309}
  - component: {fileID: 1863402308}
  - component: {fileID: 1863402307}
  m_Layer: 5
  m_Name: FpsCounter
  m_TagString: Untagged
  m_Icon: {fileID: 0}
  m_NavMeshLayer: 0
  m_StaticEditorFlags: 0
  m_IsActive: 0
--- !u!224 &1863402306
RectTransform:
  m_ObjectHideFlags: 0
  m_PrefabParentObject: {fileID: 224135589089472146, guid: 673b9f5fa5ffbaa4eb5bdde1758c9b41,
    type: 2}
  m_PrefabInternal: {fileID: 1583710001}
  m_GameObject: {fileID: 1863402305}
  m_LocalRotation: {x: 0, y: 0, z: 0, w: 1}
  m_LocalPosition: {x: 0, y: 0, z: 0}
  m_LocalScale: {x: 1, y: 1, z: 1}
  m_Children: []
  m_Father: {fileID: 672645234}
  m_RootOrder: 1
  m_LocalEulerAnglesHint: {x: 0, y: 0, z: 0}
  m_AnchorMin: {x: 0.5, y: 0.5}
  m_AnchorMax: {x: 0.5, y: 0.5}
  m_AnchoredPosition: {x: -35.4, y: 54}
  m_SizeDelta: {x: 160, y: 30}
  m_Pivot: {x: 0.5, y: 0.5}
--- !u!114 &1863402307
MonoBehaviour:
  m_ObjectHideFlags: 0
  m_PrefabParentObject: {fileID: 114028522041993828, guid: 673b9f5fa5ffbaa4eb5bdde1758c9b41,
    type: 2}
  m_PrefabInternal: {fileID: 1583710001}
  m_GameObject: {fileID: 1863402305}
  m_Enabled: 1
  m_EditorHideFlags: 0
  m_Script: {fileID: 11500000, guid: 4d33c61bdbd8f2e4bb135b0bbbb70665, type: 3}
  m_Name: 
  m_EditorClassIdentifier: 
--- !u!114 &1863402308
MonoBehaviour:
  m_ObjectHideFlags: 0
  m_PrefabParentObject: {fileID: 114230745073192838, guid: 673b9f5fa5ffbaa4eb5bdde1758c9b41,
    type: 2}
  m_PrefabInternal: {fileID: 1583710001}
  m_GameObject: {fileID: 1863402305}
  m_Enabled: 1
  m_EditorHideFlags: 0
  m_Script: {fileID: 708705254, guid: f5f67c52d1564df4a8936ccd202a3bd8, type: 3}
  m_Name: 
  m_EditorClassIdentifier: 
  m_Material: {fileID: 0}
  m_Color: {r: 0.19607843, g: 0.19607843, b: 0.19607843, a: 1}
  m_RaycastTarget: 1
  m_OnCullStateChanged:
    m_PersistentCalls:
      m_Calls: []
    m_TypeName: UnityEngine.UI.MaskableGraphic+CullStateChangedEvent, UnityEngine.UI,
      Version=1.0.0.0, Culture=neutral, PublicKeyToken=null
  m_FontData:
    m_Font: {fileID: 10102, guid: 0000000000000000e000000000000000, type: 0}
    m_FontSize: 14
    m_FontStyle: 0
    m_BestFit: 0
    m_MinSize: 10
    m_MaxSize: 40
    m_Alignment: 0
    m_AlignByGeometry: 0
    m_RichText: 1
    m_HorizontalOverflow: 0
    m_VerticalOverflow: 0
    m_LineSpacing: 1
  m_Text: New Text
--- !u!222 &1863402309
CanvasRenderer:
  m_ObjectHideFlags: 0
  m_PrefabParentObject: {fileID: 222827295172226960, guid: 673b9f5fa5ffbaa4eb5bdde1758c9b41,
    type: 2}
  m_PrefabInternal: {fileID: 1583710001}
  m_GameObject: {fileID: 1863402305}
